% This file was created with JabRef 2.3.1.
% Encoding: UTF-8

@ARTICLE{Peyton93Howto,
  author = {Simon Peyton Jones
	
	John Launchbury
	
	John Hughes},
  title = {How to give a good research talk},
  journal = {SIGPLAN Notices},
  year = {1993},
  institution = {SIGPLAN Notices },
  url = {http://www.cs.tufts.edu/~nr/pubs/two-abstract.html}
}

@TECHREPORT{Norman09Learn,
  author = {Norman Ramsey},
  title = {Learn Technical Writing in Two Hours per Week},
  institution = {Harvard University},
  year = {2006},
  url = {http://www.cs.tufts.edu/~nr/pubs/two-abstract.html}
}

